@article{chai-2023-rss-climate,
  title={{Christine P. Chai's} contribution to the Discussion of ``{The} First Discussion Meeting on Statistical aspects of climate change''},
  author={Chai, Christine P},
  journal={Journal of the Royal Statistical Society Series C: Applied Statistics},
  volume={72},
  number={4},
  pages={854--855},
  year={2023},
  note={Available from: \url{https://doi.org/10.1093/jrsssc/qlad049}}
}

@book{wilkinson2013grammar,
  title={The Grammar of Graphics},
  author={Wilkinson, Leland},
  year={2013},
  edition={2nd},
  publisher={Springer},
  address={New York NY, United States}
}