% Stopwords usage -> detect plagiarism
@article{stamatatos2011plagiarism,
  title={Plagiarism detection using stopword $n$-grams},
  author={Stamatatos, Efstathios},
  journal={Journal of the American Society for Information Science and Technology},
  volume={62},
  number={12},
  pages={2512--2527},
  year={2011},
  publisher={Wiley Online Library}
}

% Stopwords usage -> detect plagiarism
@article{sanchez2019paraphrase,
  title={Paraphrase plagiarism identification with character-level features},
  author={S{\'a}nchez-Vega, Fernando and Villatoro-Tello, Esa{\'u} and Montes-y-G{\'o}mez, Manuel and Rosso, Paolo and Stamatatos, Efstathios and Villase{\~n}or-Pineda, Luis},
  journal={Pattern Analysis and Applications},
  volume={22},
  number={2},
  pages={669--681},
  year={2019},
  publisher={Springer}
}