@inproceedings{gharehchopogh2011analysis,
  title={Analysis and evaluation of unstructured data: Text mining versus natural language processing},
  author={Gharehchopogh, Farhad Soleimanian and Khalifelu, Zeinab Abbasi},
  booktitle={2011 5th International Conference on Application of Information and Communication Technologies (AICT)},
  pages={1--4},
  year={2011},
  organization={IEEE}
}

@inproceedings{kalra2018importance,
  title={Importance of Text Data Preprocessing \& Implementation in {RapidMiner}},
  author={Kalra, Vaishali and Aggarwal, Rashmi},
  booktitle={Proceedings of the First International Conference on Information
Technology and Knowledge Management (ICITKM)},
  volume={14},
  pages={71--75},
  year={2018}
}