@article{chai2023comparison,
  title={Comparison of text preprocessing methods},
  author={Chai, Christine P},
  journal={Natural Language Engineering},
  volume={29},
  number={3},
  pages={509--553},
  year={2023},
  publisher={Cambridge University Press},
  note={Available from: \url{https://doi.org/10.1017/S1351324922000213}}
}

@article{henry2019modeling,
  title={Modeling community structure and topics in dynamic text networks},
  author={Henry, Teague R and Banks, David and Owens-Oas, Derek and Chai, Christine},
  journal={Journal of Classification},
  volume={36},
  number={2},
  pages={322--349},
  year={2019},
  publisher={Springer}
}